<?xml version="1.0" encoding="UTF-8"?><collection xmlns="http://www.loc.gov/MARC21/slim"><record><leader>00369nam--2200133-i-4500</leader><controlfield tag="001">000045853</controlfield><controlfield tag="002">20161230</controlfield><controlfield tag="005">20161230201045</controlfield><controlfield tag="008">060222s1000------------r-----000-0-eng-d</controlfield><datafield ind1=" " ind2=" " tag="080"><subfield code="a">535.374(043):539.122.04(043)</subfield></datafield><datafield ind1=" " ind2=" " tag="100"><subfield code="a">Valat, Pierre</subfield></datafield><datafield ind1=" " ind2=" " tag="245"><subfield code="a">Photodestruction par irradiation polychromatique. these</subfield></datafield><datafield ind1=" " ind2=" " tag="260"><subfield code="a">Paris, L`Univ.De Paris, 1974, 184p</subfield></datafield><datafield ind1=" " ind2=" " tag="852"><subfield code="a">43363</subfield></datafield></record></collection>